@misc{history,
	author = {Ron Amadeo},
	title = {The (updated) history of Android},
	howpublished = {\url{https://arstechnica.com/gadgets/2016/10/building-android-a-40000-word-history-of-googles-mobile-os/}},
	note = {Accedido: 2017-05-04}
}
@misc{jelly_bean,
	author = {Google},
	title = {Jelly {B}ean 4.3},
	howpublished = {\url{https://www.android.com/intl/en_us/versions/jelly-bean-4-3/}},
	note = {Accedido: 2017-05-04}
}
@misc{kitkat,
	author = {Google},
	title = {Kit{K}at 4.4},
	howpublished = {\url{https://www.android.com/intl/en_us/versions/kit-kat-4-4/}},
	note = {Accedido: 2017-05-04}
}
@misc{lollipop,
	author = {Google},
	title = {Android 5.0, {L}ollipop},
	howpublished = {\url{https://www.android.com/intl/en_us/versions/lollipop-5-0/}},
	note = {Accedido: 2017-05-04}
}
@misc{marshmallow,
	author = {Google},
	title = {Android 6.0, {M}arshmallow},
	howpublished = {\url{https://www.android.com/intl/en_us/versions/marshmallow-6-0/}},
	note = {Accedido: 2017-05-04}
}
@misc{nougat,
	author = {Google},
	title = {Android 7.0 {N}ougat},
	howpublished = {\url{https://www.android.com/intl/en_us/versions/nougat-7-0/}},
	note = {Accedido: 2017-05-04}
}
@misc{audio_android,
	author = {Android {S}ource},
	title = {Audio},
	howpublished = {\url{https://source.android.com/devices/audio/}},
	note = {Accedido: 2016-12-15}
}
@misc{audio_manager,
	author = {Android Developers},
	title = {Audio{M}anager {API} 25},
	howpublished = {\url{https://developer.android.com/reference/android/media/AudioManager.html}},
	note = {Accedido: 2017-05-19}
}